% This file was created with JabRef 2.10b2.
% Encoding: UTF-8




@InProceedings{gaier2014evolving,
  Title                    = {Evolving look ahead controllers for energy optimal driving and path planning},
  Author                   = {Gaier, Adam and Asteroth, Alexander},
  Booktitle                = {Innovations in Intelligent Systems and Applications (INISTA) Proceedings, 2014 IEEE International Symposium on},
  Year                     = {2014},
  Organization             = {IEEE},
  Pages                    = {138--145}
}



