% This file was created with JabRef 2.10b2.
% Encoding: UTF-8


@Article{lillywhite2013feature,
  Title                    = {A feature construction method for general object recognition},
  Author                   = {Lillywhite, Kirt and Lee, Dah-Jye and Tippetts, Beau and Archibald, James},
  Journal                  = {Pattern Recognition},
  Year                     = {2013},
  Number                   = {12},
  Pages                    = {3300--3314},
  Volume                   = {46},

  Publisher                = {Elsevier}
}

