% This file was created with JabRef 2.10b2.
% Encoding: UTF-8


@Misc{stella,
  Title                    = {Stella},

  Author                   = {Department of Computer Science},
  HowPublished             = {\url{https://www.h-brs.de/en/stella}},
  Note                     = {[Online; accessed 25-April-2016]},
  Year                     = {2013}
}

@InProceedings{gaier2014evolving,
  Title                    = {Evolving look ahead controllers for energy optimal driving and path planning},
  Author                   = {Gaier, Adam and Asteroth, Alexander},
  Booktitle                = {Innovations in Intelligent Systems and Applications (INISTA) Proceedings, 2014 IEEE International Symposium on},
  Year                     = {2014},
  Organization             = {IEEE},
  Pages                    = {138--145}
}

@InProceedings{gomez2003active,
  Title                    = {Active guidance for a finless rocket using neuroevolution},
  Author                   = {Gomez, Faustino J and Miikkulainen, Risto},
  Booktitle                = {Genetic and Evolutionary Computationâ€”GECCO 2003},
  Year                     = {2003},
  Organization             = {Springer},
  Pages                    = {2084--2095}
}

@Article{stanley2002evolving,
  Title                    = {Evolving neural networks through augmenting topologies},
  Author                   = {Stanley, Kenneth O and Miikkulainen, Risto},
  Journal                  = {Evolutionary computation},
  Year                     = {2002},
  Number                   = {2},
  Pages                    = {99--127},
  Volume                   = {10},

  Publisher                = {MIT Press}
}

